@misc{cdc_mort,
	title = {Mortality Multiple Cause-of-Death Data},
	url = {https://www.cdc.gov/nchs/data_access/vitalstatsonline.htm#Mortality_Multiple},
	author = {Center for Disease Control and Prevention - National Center for Health Statistics},
	year = {2020}
}

@misc{kerby_over,
	title = {Generalized Linear Models},
	url = {http://dept.stat.lsa.umich.edu/~kshedden/Courses/Stat504/posts/glm/},
	author = {Kerby Sheddon},
	year = {2019},
	month = {Nov},
	note = {Notes for STATS 504 at University of Michigan.}
}

@misc{rodriguez_over,
	title = {4.A Models for Over-Dispersed Count Data},
	url = {https://data.princeton.edu/wws509/r/overdispersion},
	author = {Germán Rodríguez},
	year = {2016},
	note = {Notes for POP 507 at Princeton University.}
}

@misc{rodriguez_over,
	title = {4.A Models for Over-Dispersed Count Data},
	url = {https://data.princeton.edu/wws509/r/overdispersion},
	author = {Germán Rodríguez},
	year = {2016},
	note = {Notes for POP 507 at Princeton University.}
}

@techreport{cdc_2018,
    title = {Mortality in the United States, 2018},
    url = {https://www.cdc.gov/nchs/data/databriefs/db355-h.pdf},
    year = {2020},
    author = {Jiaquan Xu, M.D., Sherry L. Murphy, B.S., Kenneth D. Kochanek, M.A., and Elizabeth Arias, Ph.D.},
    institution = {Center for Disease Control and Prevention}
}

@misc{prb,
    title = {Mortality in the United States, 2018},
    url = {https://www.prb.org/thegendergapinusmortality/},
    year = {2020},
    author = {Jiaquan Xu, M.D., Sherry L. Murphy, B.S., Kenneth D. Kochanek, M.A., and Elizabeth Arias, Ph.D.}
}
@misc{sex,
    title = {Why do women live longer than men?},
    url = {https://ourworldindata.org/why-do-women-live-longer-than-men},
    year = {2018},
    author = {Esteban Ortiz-Ospina and Diana Beltekian}
}


@Inbook{mape,
editor="Swamidass, P. M.",
title="MAPE (mean absolute percentage error)MEAN ABSOLUTE PERCENTAGE ERROR (MAPE)",
bookTitle="Encyclopedia of Production and Manufacturing Management",
year="2000",
publisher="Springer US",
address="Boston, MA",
pages="462--462",
isbn="978-1-4020-0612-8",
doi="10.1007/1-4020-0612-8_580",
url="https://doi.org/10.1007/1-4020-0612-8_580"
}

@Manual{gbm,
    title = {gbm: Generalized Boosted Regression Models},
    author = {Brandon Greenwell and Bradley Boehmke and Jay Cunningham and GBM Developers},
    year = {2019},
    note = {R package version 2.1.5},
    url = {https://CRAN.R-project.org/package=gbm},
  }

@Article{randomForest,
    title = {Classification and Regression by randomForest},
    author = {Andy Liaw and Matthew Wiener},
    journal = {R News},
    year = {2002},
    volume = {2},
    number = {3},
    pages = {18-22},
    url = {https://CRAN.R-project.org/doc/Rnews/},
  }
  
  
@Manual{xtable,
    title = {xtable: Export Tables to LaTeX or HTML},
    author = {David B. Dahl and David Scott and Charles Roosen and Arni Magnusson and Jonathan Swinton},
    year = {2019},
    note = {R package version 1.8-4},
    url = {https://CRAN.R-project.org/package=xtable},
  }

  
  


https://www.cdc.gov/nchs/data/hus/2018/fig04.pdf




https://www.prb.org/thegendergapinusmortality/

https://www.cdc.gov/nchs/data/databriefs/db355-h.pdf

